@misc{github,
  author = {Victor Chan},
  title = {{Victor's COMP3100 Stage 1 Github Repository}},
  year = {2022},
  howpublished  = "\url{https://github.com/PandaPiller/VictorUbuntu/}",
}

@misc{vsc,
  author = {Microsoft},
  title = {{Visual Studio Code}},
  howpublished  = "\url{https://code.visualstudio.com/}",
}
@misc{parse,
  author = {Oracle},
  title = {{Class Integer Document}},
  howpublished  = "\url{https://docs.oracle.com/javase/7/docs/api/java/lang/Integer.html/}",
}

@misc{handshake,
  author = {Sunny Classroom},
  title = {{SSL/TLS handshake Protocol}},
  howpublished  = "\url{https://www.youtube.com/watch?v=sEkw8ZcxtFk&ab_channel=SunnyClassroom/}",
}

@misc{bufferreader,
  author = {Jakob Jenkov},
  title = {{Java BufferedReader}},
  howpublished  = "\url{http://tutorials.jenkov.com/java-io/bufferedreader.html/}",
}

@misc{VirtualBox,
  author = {Oracle},
  title = {{Oracle VM VirtualBox}},
  howpublished  = "\url{https://www.virtualbox.org/}",
}

@misc{Ubuntu,
  author = {Canonical },
  title = {{Ubuntu}},
  howpublished  = "\url{https://ubuntu.com/}",
}

